<record><leader>00000cas a22000007a 4500</leader><controlfield tag="001">23107790</controlfield><controlfield tag="008">910215d18981901coudn ne      0    0eng d</controlfield><datafield ind1=" " ind2=" " tag="010"><subfield code="a">sn 91052088 </subfield></datafield><datafield ind1=" " ind2=" " tag="040"><subfield code="a">CNQ</subfield><subfield code="b">eng</subfield><subfield code="c">CNQ</subfield><subfield code="d">OCLCQ</subfield></datafield><datafield ind1=" " ind2=" " tag="042"><subfield code="a">msc</subfield></datafield><datafield ind1="0" ind2="0" tag="245"><subfield code="a">Daily advertiser-sentinel.</subfield></datafield><datafield ind1=" " ind2=" " tag="260"><subfield code="a">Trinidad, Colo. :</subfield><subfield code="b">P.D. Goodale</subfield></datafield><datafield ind1=" " ind2=" " tag="300"><subfield code="a">v.</subfield></datafield><datafield ind1=" " ind2=" " tag="310"><subfield code="a">Daily (except Mon.)</subfield></datafield><datafield ind1="0" ind2=" " tag="362"><subfield code="a">Vol. 17, no. 182 (Aug. 2, 1898)-</subfield></datafield><datafield ind1="1" ind2=" " tag="362"><subfield code="a">Ceased in 1901.</subfield></datafield><datafield ind1=" " ind2=" " tag="530"><subfield code="a">Available on microfilm from the Colorado Historical Society.</subfield></datafield><datafield ind1=" " ind2=" " tag="752"><subfield code="a">United States</subfield><subfield code="b">Colorado</subfield><subfield code="c">Las Animas</subfield><subfield code="d">Trinidad.</subfield></datafield><datafield ind1="0" ind2="4" tag="780"><subfield code="t">Daily advertiser (Trinidad, Colo. : 1886)</subfield><subfield code="w">(DLC)sn 90051653</subfield></datafield><datafield ind1="0" ind2="4" tag="780"><subfield code="t">Daily sentinel (Trinidad, Colo.)</subfield><subfield code="w">(DLC)sn 91052087</subfield></datafield><datafield ind1="0" ind2="0" tag="785"><subfield code="t">Daily advertiser (Trinidad, Colo. : 1901)</subfield><subfield code="w">(DLC)sn 90051652</subfield></datafield></record>